<?xml version="1.0" encoding="UTF-8"?><collection xmlns="http://www.loc.gov/MARC21/slim"><record><leader>00483nam--2200169-i-4500</leader><controlfield tag="001">000010172</controlfield><controlfield tag="002">20161230</controlfield><controlfield tag="005">20161230201028</controlfield><controlfield tag="008">060222s1000------------r-----000-0-eng-d</controlfield><datafield ind1=" " ind2=" " tag="040"><subfield code="a">IFIN-HH</subfield></datafield><datafield ind1=" " ind2=" " tag="080"><subfield code="a">539.171. 539.131. 061.3</subfield></datafield><datafield ind1="1" ind2=" " tag="100"><subfield code="a">Breit, G</subfield></datafield><datafield ind1="1" ind2="0" tag="245"><subfield code="a">Tests of charge independence by nucleon nucleon scattering</subfield><subfield code="c">G. breit</subfield></datafield><datafield ind1=" " ind2=" " tag="260"><subfield code="a">Buffalo</subfield><subfield code="b">State University Of New York At Buffalo</subfield><subfield code="c">1972</subfield></datafield><datafield ind1=" " ind2=" " tag="300"><subfield code="a">15 P</subfield></datafield><datafield ind1=" " ind2=" " tag="852"><subfield code="a">36842</subfield><subfield code="c">539.17</subfield></datafield><datafield ind1=" " ind2=" " tag="CAT"><subfield code="a">Sys</subfield><subfield code="c">20120608</subfield><subfield code="h">115540</subfield></datafield></record></collection>